% ------------------------------------------------------------------------
% SAMPLE BIBLIOGRAPHY FILE
% ------------------------------------------------------------------------


% ------------------------------------------------------------------------

@inproceedings{weinstein2007music,
  title={Music identification with weighted finite-state transducers},
  author={Weinstein, Eugene and Moreno, Pedro},
  booktitle={2007 IEEE International Conference on Acoustics, Speech and Signal Processing-ICASSP'07},
  volume={2},
  pages={II--689},
  year={2007},
  organization={IEEE}
}